% Encoding: UTF-8

@Misc{bmel2018,
  author    = {{B}undesministerium für {E}rn{\"a}hrung, {L}andwirtschaft},
  title     = {Verbundvorhaben: N{\"a}hrstoffentzug bei der {H}olzernte minimieren durch die {N}utzung von entrindenen {H}arvesterköpfen '{D}ebarking {H}ead'},
  year      = {2018},
  publisher = {BMEL},
}

@Comment{jabref-meta: databaseType:bibtex;}
